<record><leader>00000cas a22000007a 4500</leader><controlfield tag="001">16838757</controlfield><controlfield tag="008">871010d19341984iauwr ne      0    0eng d</controlfield><datafield ind1=" " ind2=" " tag="010"><subfield code="a">sn 87057644 </subfield></datafield><datafield ind1=" " ind2=" " tag="040"><subfield code="a">INP</subfield><subfield code="b">eng</subfield><subfield code="c">INP</subfield><subfield code="d">OCLCQ</subfield></datafield><datafield ind1=" " ind2=" " tag="042"><subfield code="a">msc</subfield></datafield><datafield ind1="0" ind2="4" tag="245"><subfield code="a">The Bayard news.</subfield></datafield><datafield ind1=" " ind2=" " tag="260"><subfield code="a">Bayard, Iowa :</subfield><subfield code="b">W.L. Brown,</subfield><subfield code="c">1934-1984.</subfield></datafield><datafield ind1=" " ind2=" " tag="300"><subfield code="a">91 v.</subfield></datafield><datafield ind1=" " ind2=" " tag="310"><subfield code="a">Weekly</subfield></datafield><datafield ind1="0" ind2=" " tag="362"><subfield code="a">Vol. 11, no. 31 (Aug. 16, 1934)-v. 101, no. 48 (Nov. 29, 1984).</subfield></datafield><datafield ind1=" " ind2=" " tag="500"><subfield code="a">Publisher varies.</subfield></datafield><datafield ind1=" " ind2=" " tag="515"><subfield code="a">Vol. 12, no. 32-v. 52, no. 31 omitted in numbering.</subfield></datafield><datafield ind1=" " ind2=" " tag="752"><subfield code="a">United States</subfield><subfield code="b">Iowa</subfield><subfield code="c">Guthrie</subfield><subfield code="d">Bayard.</subfield></datafield><datafield ind1="0" ind2="0" tag="780"><subfield code="t">North Guthrie news</subfield><subfield code="w">(DLC)sn 87057643</subfield></datafield><datafield ind1="0" ind2="0" tag="785"><subfield code="t">News gazette (Bayard edition)</subfield><subfield code="w">(DLC)sn 87057650</subfield></datafield></record>